@MISC{WEBSITE:protocol,
	HOWPUBLISHED = "\url{http://petr.lastovicka.sweb.cz/protocl2en.htm}",
	AUTHOR = "Laštovička, Petr",
	TITLE = "New protocol",
	MONTH = "Feb",
	YEAR = "2016",
	NOTE = "Accessed on 2018-12-31"
}

@MISC{WEBSITE:piskvorky,
	HOWPUBLISHED = "\url{http://petr.lastovicka.sweb.cz/games.html#piskvorky}",
	AUTHOR = "Laštovička, Petr",
	TITLE = "Free Games",
	MONTH = "May",
	YEAR = "2017",
	NOTE = "Accessed on 2018-12-31"
}

@MISC{WEBSITE:BayesianELO,
	HOWPUBLISHED = "\url{https://www.remi-coulom.fr/Bayesian-Elo/}",
	AUTHOR = "Coulom, Rémi",
	TITLE = "Bayesian Elo Rating",
	MONTH = "March",
	YEAR = "2010",
	NOTE = "Accessed on 2019-1-1"
}

@Article{ARTICLE:AlphaZero,
    author="Silver, David
and Schrittwieser, Julian
and Simonyan, Karen
and Antonoglou, Ioannis
and Huang, Aja
and Guez, Arthur
and Hubert, Thomas
and Baker, Lucas
and Lai, Matthew
and Bolton, Adrian
and Chen, Yutian
and Lillicrap, Timothy
and Hui, Fan
and Sifre, Laurent
and van den Driessche, George
and Graepel, Thore
and Hassabis, Demis",
    title="Mastering the game of Go without human knowledge",
    journal="Nature",
    year="2017",
    month="Oct",
    day="18",
    publisher="Macmillan Publishers Limited, part of Springer Nature. All rights reserved. SN  -",
    volume="550",
    pages="354-359",
    url="https://doi.org/10.1038/nature24270"
}
